<record><leader>00000cas a22000007a 4500</leader><controlfield tag="001">22786817</controlfield><controlfield tag="008">901206d19771980mnuwr ne      0    0eng d</controlfield><datafield ind1=" " ind2=" " tag="010"><subfield code="a">sn 90060693 </subfield></datafield><datafield ind1=" " ind2=" " tag="040"><subfield code="a">MN#</subfield><subfield code="b">eng</subfield><subfield code="c">MN#</subfield><subfield code="d">OCLCQ</subfield><subfield code="d">OCLCF</subfield><subfield code="d">OCLCO</subfield></datafield><datafield ind1="1" ind2=" " tag="029"><subfield code="a">AU@</subfield><subfield code="b">000025909482</subfield></datafield><datafield ind1=" " ind2=" " tag="042"><subfield code="a">msc</subfield></datafield><datafield ind1=" " ind2=" " tag="043"><subfield code="a">n-us-mn</subfield></datafield><datafield ind1=" " ind2=" " tag="052"><subfield code="a">4144</subfield><subfield code="b">H4</subfield></datafield><datafield ind1=" " ind2=" " tag="052"><subfield code="a">4143</subfield><subfield code="b">D3</subfield></datafield><datafield ind1="0" ind2="0" tag="245"><subfield code="a">Hastings star.</subfield></datafield><datafield ind1=" " ind2=" " tag="260"><subfield code="a">Hastings, MN :</subfield><subfield code="b">Star Communications,</subfield><subfield code="c">1977-1980.</subfield></datafield><datafield ind1=" " ind2=" " tag="300"><subfield code="a">5 v.</subfield></datafield><datafield ind1=" " ind2=" " tag="310"><subfield code="a">Weekly</subfield></datafield><datafield ind1="0" ind2=" " tag="362"><subfield code="a">Vol. 8, no. 18 (Jan. 5, 1977)-v. 12, no. 17 (Dec. 31, 1980).</subfield></datafield><datafield ind1=" " ind2=" " tag="530"><subfield code="a">Available on microfilm from the Minnesota Historical Society.</subfield></datafield><datafield ind1=" " ind2="0" tag="651"><subfield code="a">Hastings (Minn.)</subfield><subfield code="v">Newspapers.</subfield></datafield><datafield ind1=" " ind2="7" tag="655"><subfield code="a">Newspapers.</subfield><subfield code="2">fast</subfield><subfield code="0">(OCoLC)fst01423814</subfield></datafield><datafield ind1=" " ind2="7" tag="651"><subfield code="a">Minnesota</subfield><subfield code="z">Hastings.</subfield><subfield code="2">fast</subfield><subfield code="0">(OCoLC)fst01220184</subfield></datafield><datafield ind1=" " ind2=" " tag="752"><subfield code="a">United States</subfield><subfield code="b">Minnesota</subfield><subfield code="c">Dakota</subfield><subfield code="d">Hastings.</subfield></datafield><datafield ind1="0" ind2="0" tag="780"><subfield code="t">Mississippi Valley star</subfield><subfield code="w">(DLC)sn 90060694</subfield></datafield><datafield ind1="0" ind2="7" tag="785"><subfield code="t">Hastings gazette (Hastings, Minn. : Weekly)</subfield><subfield code="w">(DLC)sn 85025489</subfield></datafield><datafield ind1="0" ind2="7" tag="785"><subfield code="t">Hastings star gazette</subfield><subfield code="w">(DLC)sn 90060695</subfield></datafield></record>